@book{akenine2019real,
  title={Real-time rendering},
  author={Akenine-M{\"o}ller, Tomas and Haines, Eric and Hoffman, Naty},
  year={2019},
  publisher={Crc Press}
}

@inproceedings{ctx12351924680002341,
author = {Fernando, Randima},
booktitle = {ACM SIGGRAPH 2005 Sketches on - SIGGRAPH '05},
publisher = {ACM Press},
series = {ACM SIGGRAPH 2005 Sketches},
title = {Percentage-closer soft shadows},
}

@book{eisemann2011real,
  title={Real-time shadows},
  author={Eisemann, Elmar and Schwarz, Michael and Assarsson, Ulf and Wimmer, Michael},
  year={2011},
  publisher={CRC Press}
}

@article{de2015learn,
  title={Learn opengl},
  author={De Vries, Joey},
  journal={Licensed under CC BY},
  volume={4},
  year={2015}
}

@article{blinn88,
  title={Me and my (fake) shadow},
  author={Blinn, Jim},
  journal={IEEE Computer Graphics and Applications},
  volume={8},
  year={1988}
}

@article{williams78,
  title={Casting curved shadows on curved surfaces},
  author={Williams, L.},
  journal={Computer Graphics},
  volume={12},
  year={1978}
}

@misc{pham_2020,
  title={Percentage-Closer Soft Shadows},
  url={https://andrew-pham.blog/2019/08/03/percentage-closer-soft-shadows/},
  author={Pham, Andrew},
  year={2020},
  month={Jul}
}
